<?xml version="1.0" encoding="UTF-8"?><collection xmlns="http://www.loc.gov/MARC21/slim"><record><leader>00460nam--2200157-i-4500</leader><controlfield tag="001">000023760</controlfield><controlfield tag="002">20161230</controlfield><controlfield tag="005">20170122233015</controlfield><controlfield tag="008">060222s1000------------r-----000-0-eng-d</controlfield><datafield ind1=" " ind2=" " tag="080"><subfield code="a">001.891(01)(4)</subfield></datafield><datafield ind1=" " ind2=" " tag="245"><subfield code="a">European research index. A guide to european research including medicine, agriculture and engineering</subfield></datafield><datafield ind1=" " ind2=" " tag="250"><subfield code="a">fourth edition</subfield></datafield><datafield ind1=" " ind2=" " tag="260"><subfield code="a">Guernsey</subfield><subfield code="b">Francis Hodgson</subfield><subfield code="c">1977</subfield></datafield><datafield ind1=" " ind2=" " tag="300"><subfield code="a">1062 p</subfield></datafield><datafield ind1=" " ind2=" " tag="852"><subfield code="a">45628</subfield></datafield><datafield ind1=" " ind2=" " tag="CAT"><subfield code="a">SYS</subfield><subfield code="c">20170122</subfield><subfield code="h">233015</subfield></datafield></record></collection>